<?xml version="1.0" encoding="UTF-8"?><collection xmlns="http://www.loc.gov/MARC21/slim"><record><leader>00427nam--2200145-i-4500</leader><controlfield tag="001">000006537</controlfield><controlfield tag="002">20161230</controlfield><controlfield tag="005">20161230201026</controlfield><controlfield tag="008">060222s1000------------r-----000-0-eng-d</controlfield><datafield ind1=" " ind2=" " tag="080"><subfield code="a">530.16</subfield></datafield><datafield ind1=" " ind2=" " tag="100"><subfield code="a">Ahmavaara, Y</subfield></datafield><datafield ind1=" " ind2=" " tag="245"><subfield code="a">On the combination of probability and relativity</subfield></datafield><datafield ind1=" " ind2=" " tag="260"><subfield code="a">Helsinki, Supmalainen Tiedeakatemia, 1962. 8 P</subfield></datafield><datafield ind1=" " ind2=" " tag="490"><subfield code="a">Annale Academiae Scientiarum Fennicae, Series A: Vi.Physica,</subfield></datafield><datafield ind1=" " ind2=" " tag="852"><subfield code="a">6361</subfield></datafield></record></collection>